#1
@techreport{bachoore2006convex,
  author = {Emgad H. Bachoore and Hans L. Bodlaender},
  year = {2006},
  title = {Convex recoloring of leaf-colored trees},
  number = {UU-CS-2006-010},
  institution = {Department of Information and Computing
                 Sciences, Utrecht University},
}

#2
@incollection{bar2006improved,
  title={Improved approximation algorithm for convex recoloring of trees},
  author={Bar-Yehuda, Reuven and Feldman, Ido and Rawitz, Dror},
  booktitle={Approximation and online algorithms},
  pages={55--68},
  year={2006},
  publisher={Springer}
}

#3
@article{BFLRRW11,
  author    = {Hans L. Bodlaender and Michael R. Fellows and
               Michael A. Langston and Mark A. Ragan and
               Frances A. Rosamond and Mark Weyer},
  title     = {Quadratic Kernelization for Convex Recoloring of Trees},
  journal   = {Algorithmica},
  volume    = {61},
  number    = {2},
  pages     = {362--388},
  year      = {2011},
}

#4
@inproceedings{campelo2013complexity,
  title		= {On the complexity of solving or approximating convex recoloring problems},
  author	= {Camp{\^e}lo, Manoel B and Huiban, Cristiana G and Sampaio, Rudini M and Wakabayashi, Yoshiko},
  booktitle	= {International Computing and Combinatorics Conference},
  pages		= {614--625},
  year		= {2013},
  organization={Springer}
}

@article{karp1972reducibility,
  title={On the computational complexity of combinatorial problems},
  author={Karp, Richard M},
  journal={Networks},
  volume={5},
  pages={45--68},
  year={1975},
}

@incollection{moran2005convex,
  title={Convex recolorings of strings and trees: Definitions, hardness results and algorithms},
  author={Moran, Shlomo and Snir, Sagi},
  booktitle={Algorithms and data structures},
  pages={218--232},
  year={2005},
  publisher={Springer}
}

@article{MoranSnir08,
  author    = {Shlomo Moran and Sagi Snir},
  title     = {Convex recolorings of strings and trees: Definitions, hardness results
               and algorithms},
  journal   = {Journal of Computer and System Sciences},
  volume    = {74},
  number    = {5},
  pages     = {850--869},
  year      = {2008},
}

@article{BFR08,
  author    = {Reuven Bar{-}Yehuda and Ido Feldman and Dror Rawitz},
  title     = {Improved Approximation Algorithm for Convex Recoloring of Trees},
  journal   = {Theory of Computing Systems},
  volume    = {43},
  number    = {1},
  pages     = {3--18},
  year      = {2008},
}


@article{moran2007efficient,
  title={Efficient approximation of convex recolorings},
  author={Moran, Shlomo and Snir, Sagi},
  journal={Journal of Computer and System Sciences},
  volume={73},
  number={7},
  pages={1078--1089},
  year={2007},
  publisher={Elsevier}
}

@inproceedings{kanj2009convex,
  author    = {Iyad A. Kanj and Dieter Kratsch},
  title     = {Convex Recoloring Revisited: Complexity and Exact Algorithms},
  booktitle = {15th COCOON},
  pages     = {388--397},
  year      = {2009},
  series    = {LNCS},
  volume    = {5609},
}

@article{kammer2012complexity,
  author={Frank Kammer and Torsten Tholey},
  title={The complexity of minimum convex coloring},
  journal={Discrete Applied Mathematics},
  volume={160},
  number={6},
  pages={810--833},
  year={2012},
}

@article{lima2014convex,
  title={Convex recoloring of paths},
  author={Lima, Karla Roberta and Wakabayashi, Yoshiko},
  journal={Discrete Applied Mathematics},
  volume={164},
  pages={450--459},
  year={2014},
  publisher={Elsevier}
}


#11
@inproceedings{ponta2008speeding,
  author    = {Oriana Ponta and Falk H{\"{u}}ffner and
               Rolf Niedermeier},
  title     = {Speeding up Dynamic Programming for Some {NP}-Hard Graph
               Recoloring Problems},
  booktitle = {5th TAMC},
  series    = {LNCS},
  volume    = {4978},
  pages     = {490--501},
  year      = {2008},
}

#12
@article{Razgon07,
  author    = {Igor Razgon},
  title     = {A $2^{O(k)}\text{poly}(n)$ algorithm for the parameterized Convex
               Recoloring problem},
  journal   = {Information Processing Letters},
  volume    = {104},
  number    = {2},
  pages     = {53--58},
  year      = {2007},
}

