%1
@misc{zimride,
  title = {Zimride by Enterprise},
  howpublished = {\url{https://zimride.com/}},
}

%2
@article{agatz2012optimization,
  title={Optimization for dynamic ride-sharing: A review},
  author={Agatz, Niels and Erera, Alan and Savelsbergh, Martin and Wang, Xing},
  journal={European Journal of Operational Research},
  volume={223},
  number={2},
  pages={295--303},
  year={2012},
  publisher={Elsevier}
}

%3
@article{arkin2004approximations,
  title={Approximations for maximum transportation with permutable supply vector and other capacitated star packing problems},
  author={Arkin, Esther M and Hassin, Refael and Rubinstein, Shlomi and Sviridenko, Maxim},
  journal={Algorithmica},
  volume={39},
  number={2},
  pages={175--187},
  year={2004},
  publisher={Springer}
}

%4
@article{hartman2013optimal,
  journal={Draft},
  title={Optimal assignment for carpooling-DRAFT},
  author={Hartman, Irith Ben-Arroyo},
  year={2013}
}

%5
@article{hartman2014theory,
  title={Theory and practice in large carpooling problems},
  author={Hartman, Irith Ben-Arroyo and Keren, Daniel and Dbai, Abed Abu and Cohen, Elad and Knapen, Luk and Janssens, Davy and others},
  journal={Procedia Computer Science},
  volume={32},
  pages={339--347},
  year={2014},
  publisher={Elsevier}
}

%6
@article{knapen2013estimating,
  title={Estimating scalability issues while finding an optimal assignment for carpooling},
  author={Knapen, Luk and Keren, Daniel and Cho, Sungjin and Bellemans, Tom and Janssens, Davy and Wets, Geert and others},
  journal={Procedia Computer Science},
  volume={19},
  pages={372--379},
  year={2013},
  publisher={Elsevier}
}

%7
@article{knapen2014exploiting,
  title={Exploiting graph-theoretic tools for matching in carpooling applications},
  author={Knapen, Luk and Yasar, Ansar and Cho, Sungjin and Keren, Daniel and Dbai, Abed Abu and Bellemans, Tom and Janssens, Davy and Wets, Geert and Schuster, Assaf and Sharfman, Izchak and others},
  journal={Journal of Ambient Intelligence and Humanized Computing},
  volume={5},
  number={3},
  pages={393--407},
  year={2014},
  publisher={Springer}
}

%8
@inproceedings{papadimitriou1988optimization,
  title={Optimization, approximation, and complexity classes},
  author={Papadimitriou, Christos and Yannakakis, Mihalis},
  booktitle={Proceedings of the twentieth annual ACM symposium on Theory of computing},
  pages={229--234},
  year={1988},
  organization={ACM}
}

%9
@article{tardos1985strongly,
  title={A strongly polynomial minimum cost circulation algorithm},
  author={Tardos, {\'E}va},
  journal={Combinatorica},
  volume={5},
  number={3},
  pages={247--255},
  year={1985},
  publisher={Springer}
}

@article{nguyen2008approximating,
  title={Approximating the spanning star forest problem and its application to genomic sequence alignment},
  author={Nguyen, C Thach and Shen, Jian and Hou, Minmei and Sheng, Li and Miller, Webb and Zhang, Louxin},
  journal={SIAM Journal on Computing},
  volume={38},
  number={3},
  pages={946--962},
  year={2008},
  publisher={SIAM}
}

@incollection{chen2007improved,
  title={Improved approximation algorithms for the spanning star forest problem},
  author={Chen, Ning and Engelberg, Roee and Nguyen, C Thach and Raghavendra, Prasad and Rudra, Atri and Singh, Gyanit},
  booktitle={Approximation, Randomization, and Combinatorial Optimization. Algorithms and Techniques},
  pages={44--58},
  year={2007},
  publisher={Springer}
}

%1
@misc{blablacar,
  title = {BlaBlaCar},
  howpublished = {https://www.blablacar.com},
}

@misc{moovit,
  title = {Moovit Carpool},
  howpublished = {https://moovitapp.com/},
}

@misc{waze,
  title = {Waze},
  howpublished = {https://www.waze.com/},
}

@inproceedings{ACKK09,
  author    = {Stavros Athanassopoulos and Ioannis Caragiannis and
               Christos Kaklamanis and Maria Kyropoulou},
  title     = {An Improved Approximation Bound for Spanning Star Forest
               and Color Saving},
  booktitle = {34th International Symposium on Mathematical Foundations
               of Computer Science},
  pages     = {90--101},
  year      = {2009},
}

@inproceedings{bar2015improved,
  author    = {Amotz Bar-Noy and David Peleg and George Rabanca and
               Ivo Vigan},
  title     = {Improved Approximation Algorithms for Weighted 2-Path
               Partitions},
  booktitle = {23rd Annual European Symposium on Algorithms},
  series    = {Lecture Notes in Computer Science},
  volume    = {9294},
  pages     = {953--964},
  year      = {2015},

}

@inproceedings{buchbinder2016deterministic,
  author    = {Niv Buchbinder and Moran Feldman},
  title     = {Deterministic Algorithms for Submodular Maximization Problems},
  booktitle = {27th Annual {ACM-SIAM} Symposium on Discrete Algorithms},
  pages     = {392--403},
  year      = {2016},
}

@article{BFNS15,
  author    = {Niv Buchbinder and Moran Feldman and Joseph Naor and
               Roy Schwartz},
  title     = {A Tight Linear Time (1/2)-Approximation for Unconstrained Submodular
               Maximization},
  journal   = {{SIAM} J. Comput.},
  volume    = {44},
  number    = {5},
  pages     = {1384--1402},
  year      = {2015},
}

@article{ChakrabartyGoel10,
  author    = {Deeparnab Chakrabarty and Gagan Goel},
  title     = {On the Approximability of Budgeted Allocations and Improved Lower
               Bounds for Submodular Welfare Maximization and {GAP}},
  journal   = {{SIAM} J. Comput.},
  volume    = {39},
  number    = {6},
  pages     = {2189--2211},
  year      = {2010},
}

@article{chandra2001greedy,
  author    = {Barun Chandra and Magn{\'{u}}s M. Halld{\'{o}}rsson},
  title     = {Greedy Local Improvement and Weighted Set Packing Approximation},
  journal   = {J. Algorithms},
  volume    = {39},
  number    = {2},
  pages     = {223--240},
  year      = {2001},
}

@article{CENRRS13,
  author    = {Ning Chen and
               Roee Engelberg and
               C. Thach Nguyen and
               Prasad Raghavendra and
               Atri Rudra and
               Gyanit Singh},
  title     = {Improved Approximation Algorithms for the Spanning Star
               Forest Problem},
  journal   = {Algorithmica},
  volume    = {65},
  number    = {3},
  pages     = {498--516},
  year      = {2013},
}


@inproceedings{kutiel2017,
  author    = {Gilad Kutiel},
  title     = {Approximation Algorithms for the Maximum Carpool
               Matching Problem},
  booktitle = {12th International Computer Science Symposium in Russia},
  pages     = {206--216},
  year      = {2017},
  series    = {Lecture Notes in Computer Science},
  volume    = {10304},
}

@inproceedings{PapYan88,
  title={Optimization, approximation, and complexity classes},
  author={Papadimitriou, Christos and Yannakakis, Mihalis},
  booktitle={12th Annual {ACM} Symposium on Theory of Computing},
  pages={229--234},
  year={1988},
}
