@article{khuller1999budgeted,
  title={The budgeted maximum coverage problem},
  author={Khuller, Samir and Moss, Anna and Naor, Joseph Seffi},
  journal={Information processing letters},
  volume={70},
  number={1},
  pages={39--45},
  year={1999},
  publisher={Elsevier}
}

@article{sviridenko2004note,
  title={A note on maximizing a submodular set function subject to a knapsack constraint},
  author={Sviridenko, Maxim},
  journal={Operations Research Letters},
  volume={32},
  number={1},
  pages={41--43},
  year={2004},
  publisher={Elsevier}
}

@book{krause2005note,
  title={A note on the budgeted maximization of submodular functions},
  author={Krause, Andreas and Guestrin, Carlos},
  year={2005},
  publisher={Carnegie Mellon University. Center for Automated Learning and Discovery}
}

@inproceedings{mirzasoleiman2015lazier,
  title={Lazier Than Lazy Greedy.},
  author={Mirzasoleiman, Baharan and Badanidiyuru, Ashwinkumar and Karbasi, Amin and Vondr{\'a}k, Jan and Krause, Andreas},
  booktitle={AAAI},
  pages={1812--1818},
  year={2015}
}

@inproceedings{badanidiyuru2014fast,
  title={Fast algorithms for maximizing submodular functions},
  author={Badanidiyuru, Ashwinkumar and Vondr{\'a}k, Jan},
  booktitle={Proceedings of the twenty-fifth annual ACM-SIAM symposium on Discrete algorithms},
  pages={1497--1514},
  year={2014},
  organization={SIAM}
}

@article{Alina2017,
  author    = {Alina Ene and
      Huy L. Nguyen},
  title     = {A Nearly-linear Time Algorithm for Submodular Maximization with a
      Knapsack Constraint},
  journal   = {CoRR},
  volume    = {abs/1709.09767},
  year      = {2017},
  url       = {http://arxiv.org/abs/1709.09767},
  archivePrefix = {arXiv},
  eprint    = {1709.09767},
  timestamp = {Mon, 13 Aug 2018 16:49:10 +0200},
  biburl    = {https://dblp.org/rec/bib/journals/corr/abs-1709-09767},
  bibsource = {dblp computer science bibliography, https://dblp.org}
}

@inproceedings{lin2010multi,
  title={Multi-document summarization via budgeted maximization of submodular functions},
  author={Lin, Hui and Bilmes, Jeff},
  booktitle={Human Language Technologies: The 2010 Annual Conference of the North American Chapter of the Association for Computational Linguistics},
  pages={912--920},
  year={2010},
  organization={Association for Computational Linguistics}
}

@article{bach2013learning,
  title={Learning with submodular functions: A convex optimization perspective},
  author={Bach, Francis and others},
  journal={Foundations and Trends{\textregistered} in Machine Learning},
  volume={6},
  number={2-3},
  pages={145--373},
  year={2013},
  publisher={Now Publishers, Inc.}
}

@book{bordeaux2014tractability,
  title={Tractability: Practical Approaches to Hard Problems},
  author={Bordeaux, Lucas and Hamadi, Youssef and Kohli, Pushmeet},
  year={2014},
  publisher={Cambridge University Press}
}

@inproceedings{dughmi2009revenue,
  title={Revenue submodularity},
  author={Dughmi, Shaddin and Roughgarden, Tim and Sundararajan, Mukund},
  booktitle={Proceedings of the 10th ACM conference on Electronic commerce},
  pages={243--252},
  year={2009},
  organization={ACM}
}

@inproceedings{hartline2008optimal,
  title={Optimal marketing strategies over social networks},
  author={Hartline, Jason and Mirrokni, Vahab and Sundararajan, Mukund},
  booktitle={Proceedings of the 17th international conference on World Wide Web},
  pages={189--198},
  year={2008},
  organization={ACM}
}

@article{he2015stability,
  title={Stability of influence maximization},
  author={He, Xinran and Kempe, David},
  journal={arXiv preprint arXiv:1501.04579},
  year={2015}
}

@inproceedings{kempe2003maximizing,
  title={Maximizing the spread of influence through a social network},
  author={Kempe, David and Kleinberg, Jon and Tardos, {\'E}va},
  booktitle={Proceedings of the ninth ACM SIGKDD international conference on Knowledge discovery and data mining},
  pages={137--146},
  year={2003},
  organization={ACM}
}

@article{schulz2013approximating,
  title={Approximating the least core value and least core of cooperative games with supermodular costs},
  author={Schulz, Andreas S and Uhan, Nelson A},
  journal={Discrete Optimization},
  volume={10},
  number={2},
  pages={163--180},
  year={2013},
  publisher={Elsevier}
}

@article{ahmed2011maximizing,
  title={Maximizing a class of submodular utility functions},
  author={Ahmed, Shabbir and Atamt{\"u}rk, Alper},
  journal={Mathematical programming},
  volume={128},
  number={1-2},
  pages={149--169},
  year={2011},
  publisher={Springer}
}

@article{goemans1995improved,
  title={Improved approximation algorithms for maximum cut and satisfiability problems using semidefinite programming},
  author={Goemans, Michel X and Williamson, David P},
  journal={Journal of the ACM (JACM)},
  volume={42},
  number={6},
  pages={1115--1145},
  year={1995},
  publisher={ACM}
}