
@string{ESA05 = "13th European Symposium on Algorithms"}
@string{ESA13 = "21st European Symposium on Algorithms"}

@string{FOCS09 = "50th Annual {IEEE} Symposium on Foundations of Computer 
                  Science"}

@string{INFOCOM15 = "34th IEEE Conference on Computer Communications"}


@string{LATIN18 = "13th Latin American Theoretical Informatics Symposium"}

@string{MOBICOM05 = "11th Annual International Conference on Mobile 
                     Computing and Networking"}

@string{MOBIHOC06 = "7th {ACM} Interational Symposium on Mobile
                     Ad Hoc Networking and Computing"}

@string{PODC = "ACM Symposium on Principles of Distributed Computing"}

@string{SIROCCO15 = "22nd International Colloquium on Structural 
                    Information and Communication Complexity"}
@string{SIROCCO16 = "23rd International Colloquium on Structural 
                    Information and Communication Complexity"}

@string{SPAA13 = "25th {ACM} Symposium on Parallelism in Algorithms 
                  and Architectures"}

@string{SOCG06 = "22nd {ACM} Symposium on Computational Geometry"}

@string{SODA07 = "18th Annual {ACM-SIAM} Symposium on Discrete Algorithms"}
@string{SODA08 = "19th Annual {ACM-SIAM} Symposium on Discrete Algorithms"}

@string{SSS16 = "18th International Symposium on Stabilization, Safety, and
                 Security of Distributed Systems"}

@string{LNCS = "LNCS"}

@string{TCS = "Theoretical Computer Science"}
@string{ALGO = "Algorithmica"}


%%%

@Manual{NFV12,
  title = 	 {Network Functions Virtualisation: An Introduction,
                  Benefits, Enablers, Challenges \& Call for Action},
  organization = {ETSI},
  howpublished = {\url{https://portal.etsi.org/nfv/nfv_white_paper.pdf}},
  month = 	 {October},
  year = 	 {2012},
}

@Manual{ServiceChaining15,
  title = 	 {Service Chaining in Carrier Networks},
  howpublished = {\url{http://www.qosmos.com/wp-content/uploads/2015/02/Service-Chaining-in-Carrier-Networks_WP_Heavy-Reading_Qosmos_Feb2015.pdf}},
  author = 	 {Gabriel Brown},
  organization = {Heavy Reading},
  month = 	 {February},
  year = 	 {2015},
}

@Manual{SDN-NFV15,
  title = 	 {Network Functions Virtualisation (NFV); Ecosystem;
                  Report on SDN Usage in NFV Architectual Framework},
  organization = {ETSI},
  howpublished = {\url{http://www.etsi.org/deliver/etsi_gs/NFV-EVE/001_099/005/01.01.01_60/gs_NFV-EVE005v010101p.pdf}},
  month = 	 {December},
  year = 	 {2015},
}

%%% A %%%

@inproceedings{AFS18,
  author    = {Saeed Akhoondian Amiri and Klaus-Tycho Foerster and
               Stefan Schmid},
  title     = {Walking Through Waypoints},
  booktitle = LATIN18,
  series    = LNCS,
  volume    = {10807},
  pages     = {37--51},
  year      = {2018},
}

@inproceedings{AFJPS18,
  author    = {Saeed Akhoondian Amiri and Klaus-Tycho Foerster and
               Riko Jacob and Mahmoud Parham and Stefan Schmid},
  title     = {Waypoint Routing in Special Networks},
  booktitle = {IFIP Networking},
  pages     = {43--48},
  year      = {2018},
}

@article{AFJS18,
  author    = {Saeed Akhoondian Amiri and Klaus-Tycho Foerster and
               Riko Jacob and Stefan Schmid},
  title     = {Charting the Algorithmic Complexity of Waypoint Routing: 
               A guided walk},
  journal = {ACM SIGCOM Computer Communication Review},
  pages     = {523--531},
  year      = {2018},
}

%%% C %%%

@inproceedings{CLNR15,
  author    = {Rami Cohen and Liane Lewin-Eytan and Joseph Naor and
               Danny Raz},
  title     = {Near optimal placement of virtual network functions},
  booktitle = INFOCOM15, 
  pages     = {1346--1354},
  year      = {2015},
}

%%% E %%%

@inproceedings{EMP16,
  author    = {Guy Even and Moti Medina and Boaz Patt-Shamir},
  title     = {On-Line Path Computation and Function Placement in {SDN}s},
  booktitle = SSS16,
  pages     = {131--147},
  series    = LNCS,
  volume    = {10083},
  year      = {2016},
}
@Article{EMP18,
  author = 	 {Guy Even and Moti Medina and Boaz Patt-Shamir},
  title = 	 {On-Line Path Computation and Function Placement in {SDN}s},
  journal = 	 {Theory of Computing Systems},
  year = 	 {2018},
  OPTvolume = 	 {},
  OPTnumber = 	 {},
  OPTpages = 	 {},
  note = 	 {To appear in special issue of SSS 2016},
}

@inproceedings{ERS16,
  author    = {Guy Even and Matthias Rost and Stefan Schmid},
  title     = {An Approximation Algorithm for Path Computation and
               Function Placement in SDNs},
  booktitle = SIROCCO16,
  series    = LNCS,
  volume    = {9988},
  pages     = {374--390},
  year      = {2016},
}

@Book{Even73,
  author = 	 {Shimon Even},
  title = 	 {Algorithmic Combinatorics},
  publisher = 	 {Macmillan, Inc., N.Y.},
  year = 	 {1973},
}

%%% F %%%

@inproceedings{FPS17,
  author    = {Klaus-Tycho Foerster and Mahmoud Parham and Stefan Schmid},
  title     = {A Walk in the Clouds: Routing through VNFs on Bidirected
               Networks},
  booktitle = {3rd ALGOCLOUD},
  year      = {2017},
  series    = LNCS,
  volume    = {10739},
  pages     = {11--26},
}

%%% G %%%

@Book{GarJoh79,
  author =	 {Michael R. Garey and David S. Johnson},
  title = 	 {Computers and Intractability: A Guide to the Theory of 
                  NP-Completeness},
  publisher = 	 {W.H. Freeman and Company},
  year = 	 1979,
  address =	 {San Francisco}
}

@inproceedings{GVPGKDA14,
  author    = {Aaron Gember-Jacobson and Raajay Viswanathan and
               Chaithan Prakash and Robert Grandl and Junaid Khalid and
               Sourav Das and Aditya Akella},
  title     = {OpenNF: enabling innovation in network function control},
  booktitle = {{ACM} {SIGCOMM}},
  pages     = {163--174},
  year      = {2014},
}

%%% H %%%

@inproceedings{HVSBFTF15,
  author    = {Renaud Hartert and Stefano Vissicchio and Pierre Schaus and
               Olivier Bonaventure and Clarence Filsfils and
               Thomas Telkamp and Pierre Fran{\c{c}}ois},
  title     = {A Declarative and Expressive Approach to Control
               Forwarding Paths in Carrier-Grade Networks},
  booktitle = {{ACM} {SIGCOMM}},
  pages     = {15--28},
  year      = {2015},
}

@article{HopcroftTarjan73,
  author    = {John E. Hopcroft and Robert Endre Tarjan},
  title     = {Algorithm 447: Efficient Algorithms for Graph Manipulation},
  journal   = {Commun. {ACM}},
  volume    = {16},
  number    = {6},
  pages     = {372--378},
  year      = {1973},
}

%%% K %%%

@book{KPP04,
  author    = {Hans Kellerer and Ulrich Pferschy and David Pisinger},
  title     = {Knapsack problems},
  publisher = {Springer},
  year      = {2004},
}

@article{KRVRAU15,
  author    = {Diego Kreutz and Fernando M. V. Ramos and
               Paulo Jorge Esteves Ver{\'{\i}}ssimo and
               Christian Esteve Rothenberg and Siamak Azodolmolky and
               Steve Uhlig},
  title     = {Software-Defined Networking: {A} Comprehensive Survey},
  journal   = {Proceedings of the {IEEE}},
  volume    = {103},
  number    = {1},
  pages     = {14--76},
  year      = {2015},
}

%%% L %%%

@inproceedings{LukovszkiSchmid15,
  author    = {Tam{\'{a}}s Lukovszki and Stefan Schmid},
  title     = {Online Admission Control and Embedding of Service Chains},
  booktitle = SIROCCO15,
  series    = LNCS,
  volume    = {9439},
  pages     = {104--118},
  year      = {2015},
}

%%% R %%%

@TechReport{RostSchmid16,
  author = 	 {Matthias Rost and Stefan Schmid},
  title = 	 {Service Chain and Virtual Network Embeddings:
                  Approximations using Randomized Rounding},
  institution =  {CoRR},
  year = 	 {2016},
  number = 	 {abs/1604.02180},
}

@InProceedings{RostSchmid18,
  author = 	 {Matthias Rost and Stefan Schmid},
  title = 	 {Charting the Complexity Landscape of Virtual Network
                  Embeddings},
  booktitle =    {IFIP Networking},
  year = 	 {2018},
  pages = 	 {55--63},
}

%%% S %%%

@article{STRSCPD15,
  author    = {Sahel Sahhaf and Wouter Tavernier and Matthias Rost and
               Stefan Schmid and Didier Colle and Mario Pickavet and
               Piet Demeester},
  title     = {Network service chaining with optimized network function
               embedding supporting service decompositions},
  journal   = {Computer Networks},
  volume    = {93},
  number    = {3},
  pages     = {492--505},
  year      = {2015},
}

@article{Sedgewick77,
  author    = {Robert Sedgewick},
  title     = {Permutation Generation Methods},
  journal   = {{ACM} Computing Surveys},
  volume    = {9},
  number    = {2},
  pages     = {137--164},
  year      = {1977},
}

@inproceedings{soule2014merlin,
  title={Merlin: A language for provisioning network resources},
  author={Soul{\'e}, Robert and Basu, Shrutarshi and Marandi, Parisa Jalili and Pedone, Fernando and Kleinberg, Robert and Sirer, Emin Gun and Foster, Nate},
  booktitle={10th ACM International on Conference on emerging Networking Experiments and Technologies},
  pages={213--226},
  year={2014},
}
