#1
@techreport{bachoore2006convex,
  author = {Emgad H. Bachoore and Hans L. Bodlaender},
  year = {2006},
  title = {Convex recoloring of leaf-colored trees},
  number = {UU-CS-2006-010},
  institution = {Department of Information and Computing
                 Sciences, Utrecht University},
}

#2
@incollection{bar2006improved,
  title={Improved approximation algorithm for convex recoloring of trees},
  author={Bar-Yehuda, Reuven and Feldman, Ido and Rawitz, Dror},
  booktitle={Approximation and online algorithms},
  pages={55--68},
  year={2006},
  publisher={Springer}
}

#3
@article{BFLRRW11,
  author    = {Hans L. Bodlaender and Michael R. Fellows and
               Michael A. Langston and Mark A. Ragan and
               Frances A. Rosamond and Mark Weyer},
  title     = {Quadratic Kernelization for Convex Recoloring of Trees},
  journal   = {Algorithmica},
  volume    = {61},
  number    = {2},
  pages     = {362--388},
  year      = {2011},
}

#4
@inproceedings{campelo2013complexity,
  title		= {On the complexity of solving or approximating convex recoloring problems},
  author	= {Camp{\^e}lo, Manoel B and Huiban, Cristiana G and Sampaio, Rudini M and Wakabayashi, Yoshiko},
  booktitle	= {International Computing and Combinatorics Conference},
  pages		= {614--625},
  year		= {2013},
  organization={Springer}
}

@article{karp1972reducibility,
  title={On the computational complexity of combinatorial problems},
  author={Karp, Richard M},
  journal={Networks},
  volume={5},
  pages={45--68},
  year={1975},
}

@incollection{moran2005convex,
  title={Convex recolorings of strings and trees: Definitions, hardness results and algorithms},
  author={Moran, Shlomo and Snir, Sagi},
  booktitle={Algorithms and data structures},
  pages={218--232},
  year={2005},
  publisher={Springer}
}

@article{MoranSnir08,
  author    = {Shlomo Moran and Sagi Snir},
  title     = {Convex recolorings of strings and trees: Definitions, hardness results
               and algorithms},
  journal   = {Journal of Computer and System Sciences},
  volume    = {74},
  number    = {5},
  pages     = {850--869},
  year      = {2008},
}

@article{BFR08,
  author    = {Reuven Bar{-}Yehuda and Ido Feldman and Dror Rawitz},
  title     = {Improved Approximation Algorithm for Convex Recoloring of Trees},
  journal   = {Theory of Computing Systems},
  volume    = {43},
  number    = {1},
  pages     = {3--18},
  year      = {2008},
}


@article{moran2007efficient,
  title={Efficient approximation of convex recolorings},
  author={Moran, Shlomo and Snir, Sagi},
  journal={Journal of Computer and System Sciences},
  volume={73},
  number={7},
  pages={1078--1089},
  year={2007},
  publisher={Elsevier}
}

@inproceedings{kanj2009convex,
  author    = {Iyad A. Kanj and Dieter Kratsch},
  title     = {Convex Recoloring Revisited: Complexity and Exact Algorithms},
  booktitle = {15th COCOON},
  pages     = {388--397},
  year      = {2009},
  series    = {LNCS},
  volume    = {5609},
}

@article{kammer2012complexity,
  author={Frank Kammer and Torsten Tholey},
  title={The complexity of minimum convex coloring},
  journal={Discrete Applied Mathematics},
  volume={160},
  number={6},
  pages={810--833},
  year={2012},
}

@article{lima2014convex,
  title={Convex recoloring of paths},
  author={Lima, Karla Roberta and Wakabayashi, Yoshiko},
  journal={Discrete Applied Mathematics},
  volume={164},
  pages={450--459},
  year={2014},
  publisher={Elsevier}
}


#11
@inproceedings{ponta2008speeding,
  author    = {Oriana Ponta and Falk H{\"{u}}ffner and
               Rolf Niedermeier},
  title     = {Speeding up Dynamic Programming for Some {NP}-Hard Graph
               Recoloring Problems},
  booktitle = {5th TAMC},
  series    = {LNCS},
  volume    = {4978},
  pages     = {490--501},
  year      = {2008},
}

#12
@article{Razgon07,
  author    = {Igor Razgon},
  title     = {A $2^{O(k)}\text{poly}(n)$ algorithm for the parameterized Convex
               Recoloring problem},
  journal   = {Information Processing Letters},
  volume    = {104},
  number    = {2},
  pages     = {53--58},
  year      = {2007},
}

%1
@misc{zimride,
  title = {Zimride by Enterprise},
  howpublished = {\url{https://zimride.com/}},
}

%2
@article{agatz2012optimization,
  title={Optimization for dynamic ride-sharing: A review},
  author={Agatz, Niels and Erera, Alan and Savelsbergh, Martin and Wang, Xing},
  journal={European Journal of Operational Research},
  volume={223},
  number={2},
  pages={295--303},
  year={2012},
  publisher={Elsevier}
}

%3
@article{arkin2004approximations,
  title={Approximations for maximum transportation with permutable supply vector and other capacitated star packing problems},
  author={Arkin, Esther M and Hassin, Refael and Rubinstein, Shlomi and Sviridenko, Maxim},
  journal={Algorithmica},
  volume={39},
  number={2},
  pages={175--187},
  year={2004},
  publisher={Springer}
}

%4
@article{hartman2013optimal,
  journal={Draft},
  title={Optimal assignment for carpooling-DRAFT},
  author={Hartman, Irith Ben-Arroyo},
  year={2013}
}

%5
@article{hartman2014theory,
  title={Theory and practice in large carpooling problems},
  author={Hartman, Irith Ben-Arroyo and Keren, Daniel and Dbai, Abed Abu and Cohen, Elad and Knapen, Luk and Janssens, Davy and others},
  journal={Procedia Computer Science},
  volume={32},
  pages={339--347},
  year={2014},
  publisher={Elsevier}
}

%6
@article{knapen2013estimating,
  title={Estimating scalability issues while finding an optimal assignment for carpooling},
  author={Knapen, Luk and Keren, Daniel and Cho, Sungjin and Bellemans, Tom and Janssens, Davy and Wets, Geert and others},
  journal={Procedia Computer Science},
  volume={19},
  pages={372--379},
  year={2013},
  publisher={Elsevier}
}

%7
@article{knapen2014exploiting,
  title={Exploiting graph-theoretic tools for matching in carpooling applications},
  author={Knapen, Luk and Yasar, Ansar and Cho, Sungjin and Keren, Daniel and Dbai, Abed Abu and Bellemans, Tom and Janssens, Davy and Wets, Geert and Schuster, Assaf and Sharfman, Izchak and others},
  journal={Journal of Ambient Intelligence and Humanized Computing},
  volume={5},
  number={3},
  pages={393--407},
  year={2014},
  publisher={Springer}
}

%8
@inproceedings{papadimitriou1988optimization,
  title={Optimization, approximation, and complexity classes},
  author={Papadimitriou, Christos and Yannakakis, Mihalis},
  booktitle={Proceedings of the twentieth annual ACM symposium on Theory of computing},
  pages={229--234},
  year={1988},
  organization={ACM}
}

%9
@article{tardos1985strongly,
  title={A strongly polynomial minimum cost circulation algorithm},
  author={Tardos, {\'E}va},
  journal={Combinatorica},
  volume={5},
  number={3},
  pages={247--255},
  year={1985},
  publisher={Springer}
}

@article{nguyen2008approximating,
  title={Approximating the spanning star forest problem and its application to genomic sequence alignment},
  author={Nguyen, C Thach and Shen, Jian and Hou, Minmei and Sheng, Li and Miller, Webb and Zhang, Louxin},
  journal={SIAM Journal on Computing},
  volume={38},
  number={3},
  pages={946--962},
  year={2008},
  publisher={SIAM}
}

@incollection{chen2007improved,
  title={Improved approximation algorithms for the spanning star forest problem},
  author={Chen, Ning and Engelberg, Roee and Nguyen, C Thach and Raghavendra, Prasad and Rudra, Atri and Singh, Gyanit},
  booktitle={Approximation, Randomization, and Combinatorial Optimization. Algorithms and Techniques},
  pages={44--58},
  year={2007},
  publisher={Springer}
}

%1
@misc{blablacar,
  title = {BlaBlaCar},
  howpublished = {https://www.blablacar.com},
}

@misc{moovit,
  title = {Moovit Carpool},
  howpublished = {https://moovitapp.com/},
}

@misc{waze,
  title = {Waze},
  howpublished = {https://www.waze.com/},
}

@inproceedings{ACKK09,
  author    = {Stavros Athanassopoulos and Ioannis Caragiannis and
               Christos Kaklamanis and Maria Kyropoulou},
  title     = {An Improved Approximation Bound for Spanning Star Forest
               and Color Saving},
  booktitle = {34th International Symposium on Mathematical Foundations
               of Computer Science},
  pages     = {90--101},
  year      = {2009},
}

@inproceedings{bar2015improved,
  author    = {Amotz Bar-Noy and David Peleg and George Rabanca and
               Ivo Vigan},
  title     = {Improved Approximation Algorithms for Weighted 2-Path
               Partitions},
  booktitle = {23rd Annual European Symposium on Algorithms},
  series    = {Lecture Notes in Computer Science},
  volume    = {9294},
  pages     = {953--964},
  year      = {2015},

}

@inproceedings{buchbinder2016deterministic,
  author    = {Niv Buchbinder and Moran Feldman},
  title     = {Deterministic Algorithms for Submodular Maximization Problems},
  booktitle = {27th Annual {ACM-SIAM} Symposium on Discrete Algorithms},
  pages     = {392--403},
  year      = {2016},
}

@article{BFNS15,
  author    = {Niv Buchbinder and Moran Feldman and Joseph Naor and
               Roy Schwartz},
  title     = {A Tight Linear Time (1/2)-Approximation for Unconstrained Submodular
               Maximization},
  journal   = {{SIAM} J. Comput.},
  volume    = {44},
  number    = {5},
  pages     = {1384--1402},
  year      = {2015},
}

@article{ChakrabartyGoel10,
  author    = {Deeparnab Chakrabarty and Gagan Goel},
  title     = {On the Approximability of Budgeted Allocations and Improved Lower
               Bounds for Submodular Welfare Maximization and {GAP}},
  journal   = {{SIAM} J. Comput.},
  volume    = {39},
  number    = {6},
  pages     = {2189--2211},
  year      = {2010},
}

@article{chandra2001greedy,
  author    = {Barun Chandra and Magn{\'{u}}s M. Halld{\'{o}}rsson},
  title     = {Greedy Local Improvement and Weighted Set Packing Approximation},
  journal   = {J. Algorithms},
  volume    = {39},
  number    = {2},
  pages     = {223--240},
  year      = {2001},
}

@article{CENRRS13,
  author    = {Ning Chen and
               Roee Engelberg and
               C. Thach Nguyen and
               Prasad Raghavendra and
               Atri Rudra and
               Gyanit Singh},
  title     = {Improved Approximation Algorithms for the Spanning Star
               Forest Problem},
  journal   = {Algorithmica},
  volume    = {65},
  number    = {3},
  pages     = {498--516},
  year      = {2013},
}


@inproceedings{kutiel2017,
  author    = {Gilad Kutiel},
  title     = {Approximation Algorithms for the Maximum Carpool
               Matching Problem},
  booktitle = {12th International Computer Science Symposium in Russia},
  pages     = {206--216},
  year      = {2017},
  series    = {Lecture Notes in Computer Science},
  volume    = {10304},
}

@inproceedings{PapYan88,
  title={Optimization, approximation, and complexity classes},
  author={Papadimitriou, Christos and Yannakakis, Mihalis},
  booktitle={12th Annual {ACM} Symposium on Theory of Computing},
  pages={229--234},
  year={1988},
}
@article{khuller1999budgeted,
  title={The budgeted maximum coverage problem},
  author={Khuller, Samir and Moss, Anna and Naor, Joseph Seffi},
  journal={Information processing letters},
  volume={70},
  number={1},
  pages={39--45},
  year={1999},
  publisher={Elsevier}
}

@article{sviridenko2004note,
  title={A note on maximizing a submodular set function subject to a knapsack constraint},
  author={Sviridenko, Maxim},
  journal={Operations Research Letters},
  volume={32},
  number={1},
  pages={41--43},
  year={2004},
  publisher={Elsevier}
}

@book{krause2005note,
  title={A note on the budgeted maximization of submodular functions},
  author={Krause, Andreas and Guestrin, Carlos},
  year={2005},
  publisher={Carnegie Mellon University. Center for Automated Learning and Discovery}
}

@inproceedings{mirzasoleiman2015lazier,
  title={Lazier Than Lazy Greedy.},
  author={Mirzasoleiman, Baharan and Badanidiyuru, Ashwinkumar and Karbasi, Amin and Vondr{\'a}k, Jan and Krause, Andreas},
  booktitle={AAAI},
  pages={1812--1818},
  year={2015}
}

@inproceedings{badanidiyuru2014fast,
  title={Fast algorithms for maximizing submodular functions},
  author={Badanidiyuru, Ashwinkumar and Vondr{\'a}k, Jan},
  booktitle={Proceedings of the twenty-fifth annual ACM-SIAM symposium on Discrete algorithms},
  pages={1497--1514},
  year={2014},
  organization={SIAM}
}

@article{Alina2017,
  author    = {Alina Ene and Huy L. Nguyen},
  title     = {A Nearly-linear Time Algorithm for Submodular Maximization with a Knapsack Constraint},
  journal   = {CoRR},
  volume    = {abs/1709.09767},
  year      = {2017},
  url       = {http://arxiv.org/abs/1709.09767},
  archivePrefix = {arXiv},
  eprint    = {1709.09767},
  timestamp = {Mon, 13 Aug 2018 16:49:10 +0200},
  biburl    = {https://dblp.org/rec/bib/journals/corr/abs-1709-09767},
  bibsource = {dblp computer science bibliography, https://dblp.org}
}

@inproceedings{lin2010multi,
  title={Multi-document summarization via budgeted maximization of submodular functions},
  author={Lin, Hui and Bilmes, Jeff},
  booktitle={Human Language Technologies: The 2010 Annual Conference of the North American Chapter of the Association for Computational Linguistics},
  pages={912--920},
  year={2010},
  organization={Association for Computational Linguistics}
}

@article{bach2013learning,
  title={Learning with submodular functions: A convex optimization perspective},
  author={Bach, Francis and others},
  journal={Foundations and Trends{\textregistered} in Machine Learning},
  volume={6},
  number={2-3},
  pages={145--373},
  year={2013},
  publisher={Now Publishers, Inc.}
}

@book{bordeaux2014tractability,
  title={Tractability: Practical Approaches to Hard Problems},
  author={Bordeaux, Lucas and Hamadi, Youssef and Kohli, Pushmeet},
  year={2014},
  publisher={Cambridge University Press}
}

@inproceedings{dughmi2009revenue,
  title={Revenue submodularity},
  author={Dughmi, Shaddin and Roughgarden, Tim and Sundararajan, Mukund},
  booktitle={Proceedings of the 10th ACM conference on Electronic commerce},
  pages={243--252},
  year={2009},
  organization={ACM}
}

@inproceedings{hartline2008optimal,
  title={Optimal marketing strategies over social networks},
  author={Hartline, Jason and Mirrokni, Vahab and Sundararajan, Mukund},
  booktitle={Proceedings of the 17th international conference on World Wide Web},
  pages={189--198},
  year={2008},
  organization={ACM}
}

@article{he2015stability,
  title={Stability of influence maximization},
  author={He, Xinran and Kempe, David},
  journal={arXiv preprint arXiv:1501.04579},
  year={2015}
}

@inproceedings{kempe2003maximizing,
  title={Maximizing the spread of influence through a social network},
  author={Kempe, David and Kleinberg, Jon and Tardos, {\'E}va},
  booktitle={Proceedings of the ninth ACM SIGKDD international conference on Knowledge discovery and data mining},
  pages={137--146},
  year={2003},
  organization={ACM}
}

@article{schulz2013approximating,
  title={Approximating the least core value and least core of cooperative games with supermodular costs},
  author={Schulz, Andreas S and Uhan, Nelson A},
  journal={Discrete Optimization},
  volume={10},
  number={2},
  pages={163--180},
  year={2013},
  publisher={Elsevier}
}

@article{ahmed2011maximizing,
  title={Maximizing a class of submodular utility functions},
  author={Ahmed, Shabbir and Atamt{\"u}rk, Alper},
  journal={Mathematical programming},
  volume={128},
  number={1-2},
  pages={149--169},
  year={2011},
  publisher={Springer}
}

@article{goemans1995improved,
  title={Improved approximation algorithms for maximum cut and satisfiability problems using semidefinite programming},
  author={Goemans, Michel X and Williamson, David P},
  journal={Journal of the ACM (JACM)},
  volume={42},
  number={6},
  pages={1115--1145},
  year={1995},
  publisher={ACM}
}

@inproceedings{Halperin:2001:CAA:365411.365412,
 author = {Halperin, Eran and Zwick, Uri},
 title = {Combinatorial Approximation Algorithms for the Maximum Directed Cut Problem},
 booktitle = {Proceedings of the Twelfth Annual ACM-SIAM Symposium on Discrete Algorithms},
 series = {SODA '01},
 year = {2001},
 isbn = {0-89871-490-7},
 location = {Washington, D.C., USA},
 pages = {1--7},
 numpages = {7},
 url = {http://dl.acm.org/citation.cfm?id=365411.365412},
 acmid = {365412},
 publisher = {Society for Industrial and Applied Mathematics},
 address = {Philadelphia, PA, USA},
}

@article{Hastad:2001:OIR:502090.502098,
 author = {H{\aa}stad, Johan},
 title = {Some Optimal Inapproximability Results},
 journal = {J. ACM},
 issue_date = {July 2001},
 volume = {48},
 number = {4},
 month = jul,
 year = {2001},
 issn = {0004-5411},
 pages = {798--859},
 numpages = {62},
 url = {http://doi.acm.org/10.1145/502090.502098},
 doi = {10.1145/502090.502098},
 acmid = {502098},
 publisher = {ACM},
 address = {New York, NY, USA},
 keywords = {Inapproximability, NP-hard optimization problems, linear equations, max-sat, probabilistically checkable proofs},
}

@Inbook{Karp1972,
author={Karp, Richard M.},
title={Reducibility among Combinatorial Problems},
bookTitle={Complexity of Computer Computations},
year={1972},
publisher={Springer US},
pages={85--103},
}


@ARTICLE{Khot05optimalinapproximability,
    author = {Subhash Khot and Guy Kindler and Elchanan Mossel and Ryan O'Donnell},
    title = {Optimal inapproximability results for MAX-CUT and other 2-variable CSPs},
    journal = {SIAM J. COMPUT},
    year = {2005}
}

@article{Feige:1998:TLN:285055.285059,
 author = {Feige, Uriel},
 title = {A Threshold of Ln N for Approximating Set Cover},
 journal = {J. ACM},
 issue_date = {July 1998},
 volume = {45},
 number = {4},
 month = jul,
 year = {1998},
 issn = {0004-5411},
 pages = {634--652},
 numpages = {19},
 url = {http://doi.acm.org/10.1145/285055.285059},
 doi = {10.1145/285055.285059},
 acmid = {285059},
 publisher = {ACM},
 address = {New York, NY, USA},
 keywords = {approximation ratio, set cover},
}

@ARTICLE{Chekuri06apolynomial,
    author = {Chandra Chekuri and Sanjeev Khanna},
    title = {A polynomial time approximation scheme for the multiple knapsack problem},
    journal = {SIAM J. COMPUT},
    year = {2006},
    volume = {38},
    number = {3},
    pages = {1}
}

@ARTICLE{Cohen06anefficient,
    author = {Reuven Cohen and Liran Katzir and Danny Raz},
    title = {An efficient approximation for the generalized assignment problem},
    journal = {Information Processing Letters},
    year = {2006},
    volume = {100},
    pages = {162--166}
}

@article{Feige2006ApproximationAF,
  title={Approximation algorithms for allocation problems: Improving the factor of 1 - 1/e},
  author={Uriel Feige and Jan Vondr{\'a}k},
  journal={2006 47th Annual IEEE Symposium on Foundations of Computer Science (FOCS'06)},
  year={2006},
  pages={667-676}
}

@inproceedings{Fleischer:2006:TAA:1109557.1109624,
 author = {Fleischer, Lisa and Goemans, Michel X. and Mirrokni, Vahab S. and Sviridenko, Maxim},
 title = {Tight Approximation Algorithms for Maximum General Assignment Problems},
 booktitle = {Proceedings of the Seventeenth Annual ACM-SIAM Symposium on Discrete Algorithm},
 series = {SODA '06},
 year = {2006},
 isbn = {0-89871-605-5},
 location = {Miami, Florida},
 pages = {611--620},
 numpages = {10},
 publisher = {Society for Industrial and Applied Mathematics},
}

@article{DBLP:journals/talg/AustrinBG16,
  author    = {Per Austrin and Siavosh Benabbas and Konstantinos Georgiou},
  title     = {Better Balance by Being Biased: {A} 0.8776-Approximation for Max Bisection},
  journal   = {{ACM} Trans. Algorithms},
  volume    = {13},
  number    = {1},
  pages     = {2:1--2:27},
  year      = {2016},
  url       = {https://doi.org/10.1145/2907052},
  doi       = {10.1145/2907052},
  timestamp = {Tue, 06 Nov 2018 12:51:20 +0100},
  biburl    = {https://dblp.org/rec/bib/journals/talg/AustrinBG16},
  bibsource = {dblp computer science bibliography, https://dblp.org}
}

@article{DBLP:journals/algorithmica/FriezeJ97,
  author    = {Alan M. Frieze and Mark Jerrum},
  title     = {Improved Approximation Algorithms for {MAX} k-CUT and {MAX} {BISECTION}},
  journal   = {Algorithmica},
  volume    = {18},
  number    = {1},
  pages     = {67--81},
  year      = {1997},
  url       = {https://doi.org/10.1007/BF02523688},
  doi       = {10.1007/BF02523688},
  timestamp = {Wed, 14 Nov 2018 10:49:05 +0100},
  biburl    = {https://dblp.org/rec/bib/journals/algorithmica/FriezeJ97},
  bibsource = {dblp computer science bibliography, https://dblp.org}
}

@article{DBLP:journals/dam/AgeevS99,
  author    = {Alexander A. Ageev and Maxim Sviridenko},
  title     = {An 0.828-approximation Algorithm for the Uncapacitated Facility Location Problem},
  journal   = {Discrete Applied Mathematics},
  volume    = {93},
  number    = {2-3},
  pages     = {149--156},
  year      = {1999},
  url       = {https://doi.org/10.1016/S0166-218X(99)00103-1},
  doi       = {10.1016/S0166-218X(99)00103-1},
  timestamp = {Sun, 28 May 2017 13:22:26 +0200},
  biburl    = {https://dblp.org/rec/bib/journals/dam/AgeevS99},
  bibsource = {dblp computer science bibliography, https://dblp.org}
}

@article{FNW78,
	title={An Analysis of Approximations for Maximizing Submodular Set 
	Function- II },
	author={Fisher M.L., Nemhauser G.L.	, Wolsey L.A},
	journal={Math. Prog. Studies},
	year={1978},
	volume={8},
	pages={73-87}
}

@incollection{CORNUEJOLS1977163,
title={On the Uncapacitated Location Problem},
publisher={Elsevier},
volume={1},
pages={163 - 177},
year={1977},
booktitle={Studies in Integer Programming},
author={Gerard Cornuejols and Marshall Fisher and George L. Nemhauser},
}

@article{doi:10.1287/mnsc.23.8.789,
author = {Cornuejols, Gerard and Fisher, Marshall L. and Nemhauser, George L.},
title = {Exceptional Paper—Location of Bank Accounts to Optimize Float: An Analytic Study of Exact and Approximate Algorithms},
journal = {Management Science},
volume = {23},
number = {8},
pages = {789-810},
year = {1977},
}

@Article{Nemhauser1978,
author={Nemhauser, G. L. and Wolsey, L. A. and Fisher, M. L.},
title={An analysis of approximations for maximizing submodular set functions---I},
journal={Mathematical Programming},
year={1978},
month={Dec},
pages={265--294},
}

@article{NW78,
	author = {Nemhauser, G. L. and Wolsey, L. A.},
	title = {Best Algorithms for Approximating the Maximum of a Submodular Set Function},
	journal = {Mathematics of Operations  Research},
	volume = {3},
	number = {3},
	pages = {177-188},
	year = {1978},
}




@inproceedings{KKT03,
 author = {Kempe, David and Kleinberg, Jon and Tardos, \'{E}va},
 title = {Maximizing the Spread of Influence Through a Social Network},
 booktitle = {Proceedings of the Ninth ACM SIGKDD International Conference on Knowledge Discovery and Data Mining},
 series = {KDD '03},
 year = {2003},
 pages = {137--146}
}

@inproceedings{KKT05,
 author = {Kempe, David and Kleinberg, Jon and Tardos, \'{E}va},
 title = {Influential Nodes in a Diffusion Model for Social Networks},
 booktitle = {Proceedings of the 32Nd International Conference on Automata, Languages and Programming},
 series = {ICALP'05},
 year = {2005},
 pages = {1127--1138}
}

@article{KKT15,
 author = {Kempe, David and Kleinberg, Jon and Tardos, \'{E}va},
 title = {Maximizing the Spread of Influence through a Social Network},
 year = {2015},
 pages = {105--147},
 journal = {Theory of Computing},
 volume = {11},
 number = {4}
}

@article{MR10,
 author = {Mossel, Elchanan and Roch, Sebastien},
 title = {Submodularity of Influence in Social Networks: From Local to Global},
 journal = {SIAM J. Comput.},
 issue_date = {March 2010},
 volume = {39},
 number = {6},
 month = mar,
 year = {2010},
 pages = {2176--2188}
}

@inproceedings{EVSG09,
 author = {El-Arini, Khalid and Veda, Gaurav and Shahaf, Dafna and Guestrin, Carlos},
 title = {Turning Down the Noise in the Blogosphere},
 booktitle = {Proceedings of the 15th ACM SIGKDD International Conference on Knowledge Discovery and Data Mining},
 series = {KDD '09},
 year = {2009},
 pages = {289--298}
}

@inproceedings{EG11,
 author = {El-Arini, Khalid and Guestrin, Carlos},
 title = {Beyond Keyword Search: Discovering Relevant Scientific Literature},
 booktitle = {Proceedings of the 17th ACM SIGKDD International Conference on Knowledge Discovery and Data Mining},
 series = {KDD '11},
 year = {2011},
 pages = {439--447}
}

@InProceedings{DKR13,
  author = 	"Dasgupta, Anirban
		and Kumar, Ravi
		and Ravi, Sujith",
  title = 	"Summarization Through Submodularity and Dispersion",
  booktitle = 	"Proceedings of the 51st Annual Meeting of the Association for Computational Linguistics (Volume 1: Long Papers)",
  year = 	"2013",
  publisher = 	"Association for Computational Linguistics",
  pages = 	"1014--1022"
}

@inproceedings{LB11,
 author = {Lin, Hui and Bilmes, Jeff},
 title = {A Class of Submodular Functions for Document Summarization},
 booktitle = {Proceedings of the 49th Annual Meeting of the Association for Computational Linguistics: Human Language Technologies - Volume 1},
 series = {HLT '11},
 year = {2011},
 pages = {510--520}
}

@inproceedings{LB10,
 author = {Lin, Hui and Bilmes, Jeff},
 title = {Multi-document Summarization via Budgeted Maximization of Submodular Functions},
 booktitle = {Human Language Technologies: The 2010 Annual Conference of the North American Chapter of the Association for Computational Linguistics},
 series = {HLT '10},
 year = {2010},
 pages = {912--920}
}

@inproceedings{GKS05,
 author = {Guestrin, Carlos and Krause, Andreas and Singh, Ajit Paul},
 title = {Near-optimal Sensor Placements in Gaussian Processes},
 booktitle = {Proceedings of the 22Nd International Conference on Machine Learning},
 series = {ICML '05},
 year = {2005},
 pages = {265--272}
}

@article{KG11,
 author = {Krause, Andreas and Guestrin, Carlos},
 title = {Submodularity and Its Applications in Optimized Information Gathering},
 journal = {ACM Trans. Intell. Syst. Technol.},
 issue_date = {July 2011},
 volume = {2},
 number = {4},
 month = jul,
 year = {2011},
 pages = {32:1--32:20}
}

@inproceedings{KGGK06,
 author = {Krause, Andreas and Guestrin, Carlos and Gupta, Anupam and Kleinberg, Jon},
 title = {Near-optimal Sensor Placements: Maximizing Information While Minimizing Communication Cost},
 booktitle = {Proceedings of the 5th International Conference on Information Processing in Sensor Networks},
 series = {IPSN '06},
 year = {2006},
 pages = {2--10}
}

@article{KGGK11,
 author = {Krause, Andreas and Guestrin, Carlos and Gupta, Anupam and Kleinberg, Jon},
 title = {Robust Sensor Placements at Informative and Communication-efficient Locations},
 journal = {ACM Trans. Sen. Netw.},
 issue_date = {February 2011},
 volume = {7},
 number = {4},
 month = feb,
 year = {2011},
 pages = {31:1--31:33}
}

@article{KSG08,
 author = {Krause, Andreas and Singh, Ajit and Guestrin, Carlos},
 title = {Near-Optimal Sensor Placements in Gaussian Processes: Theory, Efficient Algorithms and Empirical Studies},
 journal = {J. Mach. Learn. Res.},
 issue_date = {6/1/2008},
 volume = {9},
 month = jun,
 year = {2008},
 pages = {235--284}
}

@inproceedings{FG95,
	author={U. {Feige} and M. {Goemans}}, 
 title = {Approximating the Value of Two Power Proof Systems, with Applications to MAX 2SAT and MAX DICUT},
 booktitle = {Proceedings of the 3rd Israel Symposium on the Theory of Computing Systems},
 series = {ISTCS '95},
 year = {1995},
 pages = {182--189}
}
@inproceedings{Vo08,
author = {Vondrak, Jan},
title = {Optimal Approximation for the Submodular Welfare Problem in the Value Oracle Model},
booktitle = {STOC 08'},
year = {2008},
isbn = {978-1-60558-047-0},
location = {Victoria, British Columbia, Canada},
pages = {67--74},
numpages = {8},
url = {http://doi.acm.org/10.1145/1374376.1374389},
doi = {10.1145/1374376.1374389},
acmid = {1374389},
keywords = {combinatorial auctions, matroids, submodular functions},
} 
@article{GW95,
 author = {Goemans, Michel X. and Williamson, David P.},
 title = {Improved Approximation Algorithms for Maximum Cut and Satisfiability Problems Using Semidefinite Programming},
 journal = {J. ACM},
 issue_date = {Nov. 1995},
 volume = {42},
 number = {6},
 month = nov,
 year = {1995},
 pages = {1115--1145}
}

@inproceedings{HZ01,
 author = {Halperin, Eran and Zwick, Uri},
 title = {Combinatorial Approximation Algorithms for the Maximum Directed Cut Problem},
 booktitle = {Proceedings of the Twelfth Annual ACM-SIAM Symposium on Discrete Algorithms},
 series = {SODA '01},
 year = {2001},
 pages = {1--7}
}

@article{H01,
 author = {H{\aa}stad, Johan},
 title = {Some Optimal Inapproximability Results},
 journal = {J. ACM},
 issue_date = {July 2001},
 volume = {48},
 number = {4},
 month = jul,
 year = {2001},
 pages = {798--859}
}

@Inbook{K72,
author="Karp, Richard M.",
editor="Miller, Raymond E.
and Thatcher, James W.
and Bohlinger, Jean D.",
title="Reducibility among Combinatorial Problems",
year="1972",
publisher="Springer US",
address="Boston, MA",
pages="85--103"
}

@article{KKMO07,
 author = {Khot, Subhash and Kindler, Guy and Mossel, Elchanan and O'Donnell, Ryan},
 title = {Optimal Inapproximability Results for MAX-CUT and Other 2-Variable CSPs?},
 journal = {SIAM J. Comput.},
 issue_date = {April 2007},
 volume = {37},
 number = {1},
 month = apr,
 year = {2007},
 pages = {319--357}
}

@inproceedings{LLZ02,
 author = {Lewin, Michael and Livnat, Dror and Zwick, Uri},
 title = {Improved Rounding Techniques for the MAX 2-SAT and MAX DI-CUT Problems},
 booktitle = {Proceedings of the 9th International IPCO Conference on Integer Programming and Combinatorial Optimization},
 year = {2002},
 pages = {67--82},
 numpages = {16}
}

@article{TSSW00,
 author = {Trevisan, Luca and Sorkin, Gregory B. and Sudan, Madhu and Williamson, David P.},
 title = {Gadgets, Approximation, and Linear Programming},
 journal = {SIAM J. Comput.},
 issue_date = {April 2000},
 volume = {29},
 number = {6},
 month = apr,
 year = {2000},
 pages = {2074--2097}
}

@article{F98,
 author = {Feige, Uriel},
 title = {A Threshold of ln(n) for Approximating Set Cover},
 journal = {J. ACM},
 issue_date = {July 1998},
 volume = {45},
 number = {4},
 month = jul,
 year = {1998},
 pages = {634--652}
}

@book{SW11,
 author = {Williamson, David P. and Shmoys, David B.},
 title = {The Design of Approximation Algorithms},
 year = {2011},
 edition = {1st},
 publisher = {Cambridge University Press},
 address = {New York, NY, USA}
}

@book{V01,
 author = {Vazirani, Vijay V.},
 title = {Approximation Algorithms},
 year = {2001},
 publisher = {Springer-Verlag},
 address = {Berlin, Heidelberg}
}

@inproceedings{ABG13,
 author = {Austrin, Per and Benabbas, Siavosh and Georgiou, Konstantinos},
 title = {Better Balance by Being Biased: A 0.8776-approximation for Max Bisection},
 booktitle = {Proceedings of the Twenty-fourth Annual ACM-SIAM Symposium on Discrete Algorithms},
 series = {SODA '13},
 year = {2013},
 pages = {277--294}
}

@Article{FJ97,
author="Frieze, A.
and Jerrum, M.",
title="Improved approximation algorithms for MAXk-CUT and MAX BISECTION",
journal="Algorithmica",
year="1997",
month="May",
day="01",
volume="18",
number="1",
pages="67--81"
}

@article{HZ02,
 author = {Halperin, Eran and Zwick, Uri},
 title = {A Unified Framework for Obtaining Improved Approximation Algorithms for Maximum Graph Bisection Problems},
 journal = {Random Struct. Algorithms},
 issue_date = {May 2002},
 volume = {20},
 number = {3},
 month = may,
 year = {2002},
 pages = {382--402}
}

@Article{Y01,
author="Ye, Yinyu",
title="A .699-approximation algorithm for Max-Bisection",
journal="Mathematical Programming",
year="2001",
month="Mar",
day="01",
volume="90",
number="1",
pages="101--111"
}

@article{CK05,
author = {Chekuri, C. and Khanna, S.},
title = {A Polynomial Time Approximation Scheme for the Multiple Knapsack Problem},
journal = {SIAM Journal on Computing},
volume = {35},
number = {3},
pages = {713-728},
year = {2005}
}

@article{CKR06,
 author = {Cohen, Reuven and Katzir, Liran and Raz, Danny},
 title = {An Efficient Approximation for the Generalized Assignment Problem},
 journal = {Inf. Process. Lett.},
 issue_date = {30 November 2006},
 volume = {100},
 number = {4},
 month = nov,
 year = {2006},
 pages = {162--166}
}

@article{KST13,
author = {Kulik, Ariel and Shachnai, Hadas and Tamir, Tami},
title = {Approximations for Monotone and Nonmonotone Submodular Maximization with Knapsack Constraints},
journal = {Math. Oper. Res.},
issue_date = {November 2013},
volume = {38},
number = {4},
month = nov,
year = {2013},
issn = {0364-765X},
pages = {729--739},
numpages = {11},
} 

@inproceedings{FGMS06,
 author = {Fleischer, Lisa and Goemans, Michel X. and Mirrokni, Vahab S. and Sviridenko, Maxim},
 title = {Tight Approximation Algorithms for Maximum General Assignment Problems},
 booktitle = {Proceedings of the Seventeenth Annual ACM-SIAM Symposium on Discrete Algorithm},
 series = {SODA '06},
 year = {2006},
 pages = {611--620}
}

@inproceedings{FV06,
 author = {Feige, Uriel and Vondr\'{a}k, Jan},
 title = {Approximation Algorithms for Allocation Problems: Improving the Factor of 1 - 1/e},
 booktitle = {Proceedings of the 47th Annual IEEE Symposium on Foundations of Computer Science},
 series = {FOCS '06},
 year = {2006},
 pages = {667--676}
}


@article{CCPV11,
author = {Calinescu, Gruia and Chekuri, Chandra and P\'{a}l, Martin and Vondr\'{a}k, Jan},
title = {Maximizing a Monotone Submodular Function Subject to a Matroid Constraint},
journal = {SIAM J. Comput.},
issue_date = {November 2011},
volume = {40},
number = {6},
month = dec,
year = {2011},
issn = {0097-5397},
pages = {1740--1766},
numpages = {27},
acmid = {2340447},
publisher = {Society for Industrial and Applied Mathematics},
address = {Philadelphia, PA, USA},
keywords = {approximation algorithm, generalized assignment problem, matroid, monotone submodular set function, social welfare},
} 
@article{AS99,
 author = {Ageev, A. A. and Sviridenko, M. I.},
 title = {An 0.828-Approximation Algorithm for the Uncapacitated Facility Location Problem},
 journal = {Discrete Appl. Math.},
 issue_date = {July 20, 1999},
 volume = {93},
 number = {2-3},
 month = jul,
 year = {1999},
 pages = {149--156}
}

@article{CFN77a,
	 author = {Gerard Cornuejols and Marshall L. Fisher and George L. Nemhauser},
 journal = {Management Science},
 number = {8},
 pages = {789--810},
 publisher = {INFORMS},
 title = {Location of Bank Accounts to Optimize Float: An Analytic Study of Exact and Approximate Algorithms},
 volume = {23},
 year = {1977}
}

@incollection{CFN77b,
title = "On the Uncapacitated Location Problem",
series = "Annals of Discrete Mathematics",
publisher = "Elsevier",
volume = "1",
pages = "163 - 177",
year = "1977",
booktitle = "Studies in Integer Programming",
author = "Gerard Cornuejols and Marshall Fisher and George L. Nemhauser"
}

@ARTICLE{KLGVF08,
    author = {Andreas Krause and Jure Leskovec and Carlos Guestrin and Jeanne Vanbriesen and Christos Faloutsos},
    title = {Efficient sensor placement optimization for securing large water distribution networks},
    journal = {Journal of Water Resources Planning and Management},
    year = {2008}
}

@inproceedings{SSPB14,
 author = {Shakarian, Paulo and Salmento, Joseph and Pulleyblank, William and Bertetto, John},
 title = {Reducing Gang Violence Through Network Influence Based Targeting of Social Programs},
 booktitle = {Proceedings of the 20th ACM SIGKDD International Conference on Knowledge Discovery and Data Mining},
 series = {KDD '14},
 year = {2014},
 pages = {1829--1836}
}

@inproceedings{LKGFFVG07,
 author = {Leskovec, Jure and Krause, Andreas and Guestrin, Carlos and Faloutsos, Christos and Faloutsos, Christos and VanBriesen, Jeanne and Glance, Natalie},
 title = {Cost-effective Outbreak Detection in Networks},
 booktitle = {Proceedings of the 13th ACM SIGKDD International Conference on Knowledge Discovery and Data Mining},
 series = {KDD '07},
 year = {2007},
 pages = {420--429}
}

@inproceedings{GK10,
 author = {Gomes, Ryan and Krause, Andreas},
 title = {Budgeted Nonparametric Learning from Data Streams},
 booktitle = {Proceedings of the 27th International Conference on International Conference on Machine Learning},
 series = {ICML'10},
 year = {2010},
 pages = {391--398}
}

@INPROCEEDINGS{KXFK11,
author={Gunhee Kim and E. P. Xing and Li Fei-Fei and T. Kanade},
booktitle={2011 International Conference on Computer Vision},
title={Distributed cosegmentation via submodular optimization on anisotropic diffusion},
year={2011},
pages={169--176}
}

@inproceedings{YG11,
 author = {Yue, Yisong and Guestrin, Carlos},
 title = {Linear Submodular Bandits and Their Application to Diversified Retrieval},
 booktitle = {Proceedings of the 24th International Conference on Neural Information Processing Systems},
 series = {NIPS'11},
 year = {2011},
 pages = {2483--2491}
}

@book{B13,
 author = {Bach, Francis},
 title = {Learning with Submodular Functions: A Convex Optimization Perspective},
 year = {2013},
 publisher = {Now Publishers Inc.},
 address = {Hanover, MA, USA}
}

@incollection{KG14,
	Author = {Andreas Krause and Daniel Golovin},
	Booktitle = {Tractability: Practical Approaches to Hard Problems},
	Month = {February},
	Publisher = {Cambridge University Press},
	Title = {Submodular Function Maximization},
	Year = {2014}
}

@book{naor,
author = {Naor, Joseph (Seffi)},
title = {personal communication}
}
@inproceedings{iwoca15,
  author    = {Reuven Bar{-}Yehuda and
      Gilad Kutiel and
      Dror Rawitz},
  title     = {1.5-Approximation Algorithm for the 2-Convex Recoloring Problem},
  booktitle = {Combinatorial Algorithms - 26th International Workshop, {IWOCA} 2015,
      Verona, Italy, October 5-7, 2015, Revised Selected Papers},
  pages     = {299--311},
  year      = {2015},
  url       = {https://doi.org/10.1007/978-3-319-29516-9\_25},
  doi       = {10.1007/978-3-319-29516-9\_25},
  timestamp = {Wed, 17 May 2017 10:54:37 +0200},
  biburl    = {https://dblp.org/rec/bib/conf/iwoca/Bar-YehudaKR15},
  bibsource = {dblp computer science bibliography, https://dblp.org}
}

@inproceedings{csr17,
  author    = {Gilad Kutiel},
  title     = {Approximation Algorithms for the Maximum Carpool Matching Problem},
  booktitle = {Computer Science - Theory and Applications - 12th International Computer
      Science Symposium in Russia, {CSR} 2017, Kazan, Russia, June 8-12,
      2017, Proceedings},
  pages     = {206--216},
  year      = {2017},
  url       = {https://doi.org/10.1007/978-3-319-58747-9\_19},
  doi       = {10.1007/978-3-319-58747-9\_19},
  timestamp = {Mon, 22 May 2017 12:44:04 +0200},
  biburl    = {https://dblp.org/rec/bib/conf/csr/Kutiel17},
  bibsource = {dblp computer science bibliography, https://dblp.org}
}

@inproceedings{esa17,
  author    = {Gilad Kutiel and
      Dror Rawitz},
  title     = {Local Search Algorithms for Maximum Carpool Matching},
  booktitle = {25th Annual European Symposium on Algorithms, {ESA} 2017, September
      4-6, 2017, Vienna, Austria},
  pages     = {55:1--55:14},
  year      = {2017},
  url       = {https://doi.org/10.4230/LIPIcs.ESA.2017.55},
  doi       = {10.4230/LIPIcs.ESA.2017.55},
  timestamp = {Thu, 23 Aug 2018 15:56:05 +0200},
  biburl    = {https://dblp.org/rec/bib/conf/esa/KutielR17},
  bibsource = {dblp computer science bibliography, https://dblp.org}
}

@inproceedings{algocloud17,
  author    = {Gilad Kutiel and
      Dror Rawitz},
  title     = {Service Chain Placement in SDNs},
  booktitle = {Algorithmic Aspects of Cloud Computing - Third International Workshop,
      {ALGOCLOUD} 2017, Vienna, Austria, September 5, 2017, Revised Selected
      Papers},
  pages     = {27--40},
  year      = {2017},
  url       = {https://doi.org/10.1007/978-3-319-74875-7\_3},
  doi       = {10.1007/978-3-319-74875-7\_3},
  timestamp = {Mon, 29 Jan 2018 17:41:36 +0100},
  biburl    = {https://dblp.org/rec/bib/conf/algocloud/KutielR17},
  bibsource = {dblp computer science bibliography, https://dblp.org}
}

@article{DAM18,
  author    = {Reuven Bar{-}Yehuda and
      Gilad Kutiel and
      Dror Rawitz},
  title     = {1.5-approximation algorithm for the 2-Convex Recoloring problem},
  journal   = {Discrete Applied Mathematics},
  volume    = {246},
  pages     = {2--11},
  year      = {2018},
  url       = {https://doi.org/10.1016/j.dam.2017.01.008},
  doi       = {10.1016/j.dam.2017.01.008},
  timestamp = {Thu, 28 Jun 2018 16:04:42 +0200},
  biburl    = {https://dblp.org/rec/bib/journals/dam/Bar-YehudaKR18},
  bibsource = {dblp computer science bibliography, https://dblp.org}
}
%%%

@Manual{NFV12,
  title = 	 {Network Functions Virtualisation: An Introduction,
                  Benefits, Enablers, Challenges \& Call for Action},
  organization = {ETSI},
  howpublished = {\url{https://portal.etsi.org/nfv/nfv_white_paper.pdf}},
  month = 	 {October},
  year = 	 {2012},
}

@Manual{ServiceChaining15,
  title = 	 {Service Chaining in Carrier Networks},
  howpublished = {\url{http://www.qosmos.com/wp-content/uploads/2015/02/Service-Chaining-in-Carrier-Networks_WP_Heavy-Reading_Qosmos_Feb2015.pdf}},
  author = 	 {Gabriel Brown},
  organization = {Heavy Reading},
  month = 	 {February},
  year = 	 {2015},
}

@Manual{SDN-NFV15,
  title = 	 {Network Functions Virtualisation (NFV); Ecosystem;
                  Report on SDN Usage in NFV Architectual Framework},
  organization = {ETSI},
  howpublished = {\url{http://www.etsi.org/deliver/etsi_gs/NFV-EVE/001_099/005/01.01.01_60/gs_NFV-EVE005v010101p.pdf}},
  month = 	 {December},
  year = 	 {2015},
}

%%% A %%%

@inproceedings{AFS18,
  author    = {Saeed Akhoondian Amiri and Klaus-Tycho Foerster and
               Stefan Schmid},
  title     = {Walking Through Waypoints},
  booktitle = LATIN18,
  series    = LNCS,
  volume    = {10807},
  pages     = {37--51},
  year      = {2018},
}

@inproceedings{AFJPS18,
  author    = {Saeed Akhoondian Amiri and Klaus-Tycho Foerster and
               Riko Jacob and Mahmoud Parham and Stefan Schmid},
  title     = {Waypoint Routing in Special Networks},
  booktitle = {IFIP Networking},
  pages     = {43--48},
  year      = {2018},
}

@article{AFJS18,
  author    = {Saeed Akhoondian Amiri and Klaus-Tycho Foerster and
               Riko Jacob and Stefan Schmid},
  title     = {Charting the Algorithmic Complexity of Waypoint Routing: 
               A guided walk},
  journal = {ACM SIGCOM Computer Communication Review},
  pages     = {523--531},
  year      = {2018},
}

%%% C %%%

@inproceedings{CLNR15,
  author    = {Rami Cohen and Liane Lewin-Eytan and Joseph Naor and
               Danny Raz},
  title     = {Near optimal placement of virtual network functions},
  booktitle = INFOCOM15, 
  pages     = {1346--1354},
  year      = {2015},
}

%%% E %%%

@inproceedings{EMP16,
  author    = {Guy Even and Moti Medina and Boaz Patt-Shamir},
  title     = {On-Line Path Computation and Function Placement in {SDN}s},
  booktitle = SSS16,
  pages     = {131--147},
  series    = LNCS,
  volume    = {10083},
  year      = {2016},
}
@Article{EMP18,
  author = 	 {Guy Even and Moti Medina and Boaz Patt-Shamir},
  title = 	 {On-Line Path Computation and Function Placement in {SDN}s},
  journal = 	 {Theory of Computing Systems},
  year = 	 {2018},
  OPTvolume = 	 {},
  OPTnumber = 	 {},
  OPTpages = 	 {},
  note = 	 {To appear in special issue of SSS 2016},
}

@inproceedings{ERS16,
  author    = {Guy Even and Matthias Rost and Stefan Schmid},
  title     = {An Approximation Algorithm for Path Computation and
               Function Placement in SDNs},
  booktitle = SIROCCO16,
  series    = LNCS,
  volume    = {9988},
  pages     = {374--390},
  year      = {2016},
}

@Book{Even73,
  author = 	 {Shimon Even},
  title = 	 {Algorithmic Combinatorics},
  publisher = 	 {Macmillan, Inc., N.Y.},
  year = 	 {1973},
}

%%% F %%%

@inproceedings{FPS17,
  author    = {Klaus-Tycho Foerster and Mahmoud Parham and Stefan Schmid},
  title     = {A Walk in the Clouds: Routing through VNFs on Bidirected
               Networks},
  booktitle = {3rd ALGOCLOUD},
  year      = {2017},
  series    = LNCS,
  volume    = {10739},
  pages     = {11--26},
}

%%% G %%%

@Book{GarJoh79,
  author =	 {Michael R. Garey and David S. Johnson},
  title = 	 {Computers and Intractability: A Guide to the Theory of 
                  NP-Completeness},
  publisher = 	 {W.H. Freeman and Company},
  year = 	 1979,
  address =	 {San Francisco}
}

@inproceedings{GVPGKDA14,
  author    = {Aaron Gember-Jacobson and Raajay Viswanathan and
               Chaithan Prakash and Robert Grandl and Junaid Khalid and
               Sourav Das and Aditya Akella},
  title     = {OpenNF: enabling innovation in network function control},
  booktitle = {{ACM} {SIGCOMM}},
  pages     = {163--174},
  year      = {2014},
}

%%% H %%%

@inproceedings{HVSBFTF15,
  author    = {Renaud Hartert and Stefano Vissicchio and Pierre Schaus and
               Olivier Bonaventure and Clarence Filsfils and
               Thomas Telkamp and Pierre Fran{\c{c}}ois},
  title     = {A Declarative and Expressive Approach to Control
               Forwarding Paths in Carrier-Grade Networks},
  booktitle = {{ACM} {SIGCOMM}},
  pages     = {15--28},
  year      = {2015},
}

@article{HopcroftTarjan73,
  author    = {John E. Hopcroft and Robert Endre Tarjan},
  title     = {Algorithm 447: Efficient Algorithms for Graph Manipulation},
  journal   = {Commun. {ACM}},
  volume    = {16},
  number    = {6},
  pages     = {372--378},
  year      = {1973},
}

%%% K %%%

@book{KPP04,
  author    = {Hans Kellerer and Ulrich Pferschy and David Pisinger},
  title     = {Knapsack problems},
  publisher = {Springer},
  year      = {2004},
}

@article{KRVRAU15,
  author    = {Diego Kreutz and Fernando M. V. Ramos and
               Paulo Jorge Esteves Ver{\'{\i}}ssimo and
               Christian Esteve Rothenberg and Siamak Azodolmolky and
               Steve Uhlig},
  title     = {Software-Defined Networking: {A} Comprehensive Survey},
  journal   = {Proceedings of the {IEEE}},
  volume    = {103},
  number    = {1},
  pages     = {14--76},
  year      = {2015},
}

%%% L %%%

@inproceedings{LukovszkiSchmid15,
  author    = {Tam{\'{a}}s Lukovszki and Stefan Schmid},
  title     = {Online Admission Control and Embedding of Service Chains},
  booktitle = SIROCCO15,
  series    = LNCS,
  volume    = {9439},
  pages     = {104--118},
  year      = {2015},
}

%%% R %%%

@TechReport{RostSchmid16,
  author = 	 {Matthias Rost and Stefan Schmid},
  title = 	 {Service Chain and Virtual Network Embeddings:
                  Approximations using Randomized Rounding},
  institution =  {CoRR},
  year = 	 {2016},
  number = 	 {abs/1604.02180},
}

@InProceedings{RostSchmid18,
  author = 	 {Matthias Rost and Stefan Schmid},
  title = 	 {Charting the Complexity Landscape of Virtual Network
                  Embeddings},
  booktitle =    {IFIP Networking},
  year = 	 {2018},
  pages = 	 {55--63},
}

%%% S %%%

@article{STRSCPD15,
  author    = {Sahel Sahhaf and Wouter Tavernier and Matthias Rost and
               Stefan Schmid and Didier Colle and Mario Pickavet and
               Piet Demeester},
  title     = {Network service chaining with optimized network function
               embedding supporting service decompositions},
  journal   = {Computer Networks},
  volume    = {93},
  number    = {3},
  pages     = {492--505},
  year      = {2015},
}

@article{Sedgewick77,
  author    = {Robert Sedgewick},
  title     = {Permutation Generation Methods},
  journal   = {{ACM} Computing Surveys},
  volume    = {9},
  number    = {2},
  pages     = {137--164},
  year      = {1977},
}

@inproceedings{soule2014merlin,
  title={Merlin: A language for provisioning network resources},
  author={Soul{\'e}, Robert and Basu, Shrutarshi and Marandi, Parisa Jalili and Pedone, Fernando and Kleinberg, Robert and Sirer, Emin Gun and Foster, Nate},
  booktitle={10th ACM International on Conference on emerging Networking Experiments and Technologies},
  pages={213--226},
  year={2014},
}
